@inproceedings{prob,
   title={Reducing Mid-Circuit Measurements via Probabilistic Circuits},
   url={http://dx.doi.org/10.1109/QCE60285.2024.00114},
   DOI={10.1109/qce60285.2024.00114},
   booktitle={2024 IEEE International Conference on Quantum Computing and Engineering (QCE)},
   publisher={IEEE},
   author={Chen, Yanbin and Fulginiti, Innocenzo and Mendl, Christian B.},
   year={2024},
   month=sep, pages={952–958} }

@misc{branch,
      title={Unleashing Optimizations in Dynamic Circuits through Branch Expansion}, 
      author={Yanbin Chen},
      year={2025},
      eprint={2504.09234},
      archivePrefix={arXiv},
      primaryClass={cs.PL},
      url={https://arxiv.org/abs/2504.09234}, 
}

@article{hoare,
   title={Assertion-based optimization of Quantum programs},
   volume={4},
   ISSN={2475-1421},
   url={http://dx.doi.org/10.1145/3428201},
   DOI={10.1145/3428201},
   number={OOPSLA},
   journal={Proceedings of the ACM on Programming Languages},
   publisher={Association for Computing Machinery (ACM)},
   author={Häner, Thomas and Hoefler, Torsten and Troyer, Matthias},
   year={2020},
   month=nov, pages={1–20} }

@misc{qiskit2024,
      title={Quantum computing with {Q}iskit},
      author={Javadi-Abhari, Ali and Treinish, Matthew and Krsulich, Kevin and Wood, Christopher J. and Lishman, Jake and Gacon, Julien and Martiel, Simon and Nation, Paul D. and Bishop, Lev S. and Cross, Andrew W. and Johnson, Blake R. and Gambetta, Jay M.},
      year={2024},
      doi={10.48550/arXiv.2405.08810},
      eprint={2405.08810},
      archivePrefix={arXiv},
      primaryClass={quant-ph}
}

@software{cudaq,
  author = {{The CUDA-Q development team}},
  license = {Apache-2.0},
  year = {2025},
  title = {{CUDA-Q}},
  url = {https://github.com/NVIDIA/cuda-quantum}
}



